%%% ====================================================================
%%%  BibTeX-file{
%%%     author          = "Gerry Murray",
%%%     version         = "1.2",
%%%     date            = "2 April 2012",
%%%     filename        = "acmsmall-sample-bibfile.bib",
%%%     address         = "ACM, NY",
%%%     email           = "murray at hq.acm.org",
%%%     codetable       = "ISO/ASCII",
%%%     keywords        = "ACM Reference Format, bibliography, citation, references",
%%%     supported       = "yes",
%%%     docstring       = "This BibTeX database file contains 'bibdata' entries
%%%                        that 'match' the examples provided in the Specifications Document
%%%                        AND, also, 'legacy'-type bibs. It should assist authors in
%%%                        choosing the 'correct' at-bibtype and necessary bib-fields
%%%                        so as to obtain the appropriate ACM Reference Format output.
%%%                        It also contains many 'Standard Abbreviations'. "
%%%  }
%%% ====================================================================

% Journals

% First the Full Name is given, then the abbreviation used in the AMS Math
% Reviews, with an indication if it could not be found there.
% Note the 2nd overwrites the 1st, so swap them if you want the full name.


%Entries

@online{Alia01,
  author =       "Alia Crocker Rob Cross Heidi K. Gardner",
  year =         "2018",
  title =        "How to Make Sure Agile Teams Can Work Together",
  url =          "https://hbr.org/2018/05/how-to-make-sure-agile-teams-can-work-together",
  month =        may,
  lastaccessed = "May 15, 2018",
}


@online{Gsa01,
  author =       "",
  year =         "2018",
  title =        "GSA Tech Guides",
  url =          "https://tech.gsa.gov/guides/Collaboration_Across_Agile_Teams/",
  month =        jan,
  lastaccessed = "Jan 01, 2018",
}